@misc{WladimirPalantAdblockStore,
    title = {{Adblock Plus and (a little) more: Adblock Plus for Android removed from Google Play store}},
    author = {{Wladimir Palant}},
    url = {https://adblockplus.org/blog/adblock-plus-for-android-removed-from-google-play-store}
}

@article{Christensen2007An0,
    title = {{An Approach to Software Architecture Description Using UML Revision 2 . 0}},
    year = {2007},
    journal = {Structure},
    author = {Christensen, Henrik Bærbak and Corry, Aino and Hansen, Klaus Marius},
    number = {November},
    pages = {1--11}
}

@book{Gamma1994CreationalPatterns,
    title = {{Creational Patterns}},
    year = {1994},
    booktitle = {Addison-Wesley Professional Computing Series},
    author = {Gamma, Erich and Helm, Richard and Johnson, Ralph and Vlissides, John},
    pages = {223--232}
}

@misc{CookieBotHowCookiebot,
    title = {{How do websites track users? | Technologies and methods | Cookiebot}},
    author = {{CookieBot}},
    url = {https://www.cookiebot.com/en/website-tracking/}
}

@misc{GuoShiHttpCanaryPlay,
    title = {{HttpCanary — HTTP Sniffer/Capture/Analysis – Apps i Google Play}},
    author = {{GuoShi}},
    url = {https://play.google.com/store/apps/details?id=com.guoshi.httpcanary}
}

@misc{MagatronKingMegatronKing/NetBare:Android,
    title = {{MegatronKing/NetBare: Net packets capture {\&}amp; injection library designed for Android}},
    author = {{MagatronKing}},
    url = {https://github.com/MegatronKing/NetBare}
}

@article{Kjaergaard2015OnSensing,
    title = {{On architectural qualities and tactics for mobile sensing}},
    year = {2015},
    journal = {QoSA 2015 - Proceedings of the 11th International ACM SIGSOFT Conference on Quality of Software Architectures, Part of CompArch 2015},
    author = {Kjaergaard, Mikkel Baun and Kuhrmann, Marco},
    pages = {63--72},
    isbn = {9781450334709},
    doi = {10.1145/2737182.2737196},
    keywords = {Architecture tactics, Mobile sensing, Software architecture}
}

@article{Englehardt2016OnlineAnalysis,
    title = {{Online Tracking:A 1-million-site Measurement and Analysis}},
    year = {2016},
    journal = {ACM CCS},
    author = {Englehardt, S. and A., Narayanan}
}

@misc{UCBerkeley-SchoolofInformationProtectionPatterns,
    title = {{Protection against Tracking - Privacy Patterns}},
    author = {{UC Berkeley - School of Information}},
    url = {https://privacypatterns.org/patterns/Protection-against-tracking}
}

@book{Bass1997SoftwarePractice,
    title = {{Software Architecture in Practice}},
    year = {1997},
    author = {Bass, L and Clements, P C and Kazman, R},
    isbn = {9780321711502}
}